<record><leader>00000cas a2200000 a 4500</leader><controlfield tag="001">33857545</controlfield><controlfield tag="008">951206d19732006fluwr ne      0   a0eng c</controlfield><datafield ind1=" " ind2=" " tag="010"><subfield code="a">sn 95047375 </subfield></datafield><datafield ind1=" " ind2=" " tag="040"><subfield code="a">FUG</subfield><subfield code="b">eng</subfield><subfield code="c">FUG</subfield><subfield code="d">NSD</subfield><subfield code="d">FUG</subfield><subfield code="d">OCLCQ</subfield><subfield code="d">EBZ</subfield><subfield code="d">OCLCQ</subfield><subfield code="d">OCLCF</subfield><subfield code="d">OCLCO</subfield></datafield><datafield ind1=" " ind2=" " tag="012"><subfield code="i">9512</subfield><subfield code="l">1</subfield></datafield><datafield ind1="1" ind2=" " tag="022"><subfield code="a">1090-333X</subfield><subfield code="l">1090-333X</subfield><subfield code="2">1</subfield></datafield><datafield ind1="1" ind2=" " tag="029"><subfield code="a">AU@</subfield><subfield code="b">000025892356</subfield></datafield><datafield ind1=" " ind2=" " tag="032"><subfield code="a">141600</subfield><subfield code="b">USPS</subfield></datafield><datafield ind1=" " ind2=" " tag="037"><subfield code="b">PO Box 187, 13032 US Hwy 301, Dade City, FL 33526-0187</subfield></datafield><datafield ind1=" " ind2=" " tag="042"><subfield code="a">pcc</subfield><subfield code="a">nsdp</subfield></datafield><datafield ind1=" " ind2=" " tag="043"><subfield code="a">n-us-fl</subfield></datafield><datafield ind1="0" ind2=" " tag="130"><subfield code="a">Pasco news (Dade City, Fla.)</subfield></datafield><datafield ind1=" " ind2="0" tag="222"><subfield code="a">Pasco news</subfield><subfield code="b">(Dade City, Fla.)</subfield></datafield><datafield ind1="0" ind2="0" tag="245"><subfield code="a">Pasco news.</subfield></datafield><datafield ind1=" " ind2=" " tag="260"><subfield code="a">Dade City, Fla. :</subfield><subfield code="b">Pasco Newspapers,</subfield><subfield code="c">1973-</subfield></datafield><datafield ind1=" " ind2=" " tag="300"><subfield code="a">v. :</subfield><subfield code="b">ill. (some col.)</subfield></datafield><datafield ind1=" " ind2=" " tag="310"><subfield code="a">Weekly,</subfield><subfield code="b">&lt;1977-1997&gt;</subfield></datafield><datafield ind1=" " ind2=" " tag="321"><subfield code="a">Daily (Monday through Friday),</subfield><subfield code="b">1973-&lt;1976&gt;</subfield></datafield><datafield ind1="0" ind2=" " tag="362"><subfield code="a">1st year, vol. 220 (Sept. 13, 1973)-</subfield></datafield><datafield ind1="1" ind2=" " tag="362"><subfield code="a">Ceased with v. 102, no. 48 (Nov. 29, 2006).</subfield></datafield><datafield ind1=" " ind2=" " tag="500"><subfield code="a">E.S. Dix, publisher.</subfield></datafield><datafield ind1=" " ind2=" " tag="530"><subfield code="a">Also available on microfilm from the University of Florida.</subfield></datafield><datafield ind1=" " ind2="0" tag="651"><subfield code="a">Dade City (Fla.)</subfield><subfield code="v">Newspapers.</subfield></datafield><datafield ind1=" " ind2="0" tag="651"><subfield code="a">Pasco County (Fla.)</subfield><subfield code="v">Newspapers.</subfield></datafield><datafield ind1=" " ind2="7" tag="655"><subfield code="a">Newspapers.</subfield><subfield code="2">fast</subfield><subfield code="0">(OCoLC)fst01423814</subfield></datafield><datafield ind1=" " ind2="7" tag="651"><subfield code="a">Florida</subfield><subfield code="z">Dade City.</subfield><subfield code="2">fast</subfield><subfield code="0">(OCoLC)fst01213149</subfield></datafield><datafield ind1=" " ind2="7" tag="651"><subfield code="a">Florida</subfield><subfield code="z">Pasco County.</subfield><subfield code="2">fast</subfield><subfield code="0">(OCoLC)fst01211151</subfield></datafield><datafield ind1=" " ind2=" " tag="752"><subfield code="a">United States</subfield><subfield code="b">Florida</subfield><subfield code="c">Pasco</subfield><subfield code="d">Dade City.</subfield></datafield><datafield ind1="1" ind2=" " tag="776"><subfield code="c">Microfilm</subfield><subfield code="d">George A. Smathers Libraries, University of Florida</subfield><subfield code="w">(DLC)sn 96027604</subfield><subfield code="w">(OCoLC)35202410</subfield></datafield><datafield ind1="0" ind2="0" tag="780"><subfield code="t">Pasco East</subfield><subfield code="w">(DLC)sn 95047374</subfield><subfield code="w">(OCoLC)33857544</subfield></datafield><datafield ind1=" " ind2=" " tag="850"><subfield code="a">FU</subfield></datafield><datafield ind1="7" ind2=" " tag="856"><subfield code="u">http://www.adone.com/pasco/</subfield><subfield code="2">http</subfield></datafield><datafield ind1=" " ind2=" " tag="936"><subfield code="a">Vol. 92, issue 10 (Mar. 6, 1997) LIC</subfield></datafield></record>